@ARTICLE{delaySensitivity,
	author={Englehart, K. and Hudgins, B.},
	journal={IEEE Transactions on Biomedical Engineering}, 
	title={A robust, real-time control scheme for multifunction myoelectric control}, 
	year={2003},
	volume={50},
	number={7},
	pages={848-854},
	doi={10.1109/TBME.2003.813539}
}

@article{emgFeatures,
	author = {Spiewak, C. and Islam, M. and Zaman and A. Rahman, M.},
	title = {A Comprehensive Study on EMG Feature Extraction and Classifiers},
	journaltitle = {Journal of Biomedical Engineering and Biosciences},
	year = {2018},
	volume = {1}
	issue = {1}
	pages = {17-26}
	doi={10.32474/OAJBEB.2018.01.000104}
}
